<?xml version="1.0" encoding="UTF-8"?><record xmlns="http://www.loc.gov/MARC21/slim" xmlns:cinclude="http://apache.org/cocoon/include/1.0" xmlns:zs="http://www.loc.gov/zing/srw/">
  <leader>00609cz  a2200181n  4500</leader>
  <controlfield tag="001">no 89010205 </controlfield>
  <controlfield tag="003">DLC</controlfield>
  <controlfield tag="005">20130308101644.0</controlfield>
  <controlfield tag="008">890724n| azannaab           |a aaa     c</controlfield>
  <datafield tag="010" ind1=" " ind2=" ">
    <subfield code="a">no 89010205 </subfield>
  </datafield>
  <datafield tag="040" ind1=" " ind2=" ">
    <subfield code="a">InU</subfield>
    <subfield code="b">eng</subfield>
    <subfield code="e">rda</subfield>
    <subfield code="c">InU</subfield>
    <subfield code="d">DLC</subfield>
  </datafield>
  <datafield tag="046" ind1=" " ind2=" ">
    <subfield code="f">1865</subfield>
  </datafield>
  <datafield tag="100" ind1="1" ind2=" ">
    <subfield code="a">Kaminka, A. I.</subfield>
    <subfield code="q">(Avgust Isaakovich),</subfield>
    <subfield code="d">1865-</subfield>
  </datafield>
  <datafield tag="378" ind1=" " ind2=" ">
    <subfield code="q">Avgust Isaakovich</subfield>
  </datafield>
  <datafield tag="400" ind1="1" ind2=" ">
    <subfield code="w">nnea</subfield>
    <subfield code="a">Kaminka, A. I.</subfield>
    <subfield code="q">(Avgust Isaakovich),</subfield>
    <subfield code="d">b. 1865</subfield>
  </datafield>
  <datafield tag="400" ind1="1" ind2=" ">
    <subfield code="a">Kaminka, Avgust Isaakovich,</subfield>
    <subfield code="d">1865-</subfield>
  </datafield>
  <datafield tag="670" ind1=" " ind2=" ">
    <subfield code="a">His Vtorai︠a︡ gosudarstvennai︠a︡ duma, 1907:</subfield>
    <subfield code="b">t.p. (A.I. Kaminka)</subfield>
  </datafield>
  <datafield tag="670" ind1=" " ind2=" ">
    <subfield code="a">NUC pre-1956</subfield>
    <subfield code="b">(Kaminka, Avgust Isaakovich, 1865- )</subfield>
  </datafield>
</record>